@article{Schrijver2000ATime,
    title = {{A Combinatorial Algorithm Minimizing Submodular Functions in Strongly Polynomial Time}},
    year = {2000},
    journal = {Journal of Combinatorial Theory, Series B},
    author = {Schrijver, Alexander},
    number = {2},
    pages = {346--355},
    volume = {80},
    url = {https://www.sciencedirect.com/science/article/pii/S0095895600919890},
    doi = {https://doi.org/10.1006/jctb.2000.1989},
    issn = {0095-8956}
}

@article{Iwata2001AFunctions,
    title = {{A combinatorial strongly polynomial algorithm for minimizing submodular functions}},
    year = {2001},
    journal = {J. ACM},
    author = {Iwata, Satoru and Fleischer, Lisa and Fujishige, Satoru},
    number = {4},
    month = {7},
    pages = {761--777},
    volume = {48},
    publisher = {Association for Computing Machinery},
    url = {https://doi.org/10.1145/502090.502096},
    address = {New York, NY, USA},
    doi = {10.1145/502090.502096},
    issn = {0004-5411},
    keywords = {Discrete optimization, strongly polynomial algorithm, submodular function}
}

@article{Barot2014APolytopes,
    title = {{A concise, approximate representation of a collection of loads described by polytopes}},
    year = {2014},
    journal = {International Journal of Electrical Power and Energy Systems},
    author = {Barot, Suhail and Taylor, Josh A.},
    month = {11},
    pages = {55--63},
    volume = {84},
    publisher = {Elsevier Ltd},
    url = {https://arxiv.org/abs/1412.0939v3},
    doi = {10.48550/arxiv.1412.0939},
    issn = {01420615},
    arxivId = {1412.0939},
    keywords = {Demand response, Linear programming, Load aggregation, Minkowski sum, Polytope}
}

@article{Barot2017APolytopes,
    title = {{A concise, approximate representation of a collection of loads described by polytopes}},
    year = {2017},
    journal = {International Journal of Electrical Power {\&} Energy Systems},
    author = {Barot, Suhail and Taylor, Josh A},
    pages = {55--63},
    volume = {84},
    keywords = {Demand response, Linear programming, Load aggregation, Minkowski sum, Polytope}
}

@article{Zhang2024AUncertainty,
    title = {{A Fast Polytope-Based Approach for Aggregating Large-Scale Electric Vehicles in the Joint Market Under Uncertainty}},
    year = {2024},
    journal = {IEEE Transactions on Smart Grid},
    author = {Zhang, Mingyang and Xu, Yinliang and Shi, Xiaoying and Guo, Qinglai},
    number = {1},
    pages = {701--713},
    volume = {15},
    doi = {10.1109/TSG.2023.3274198},
    keywords = {Uncertainty;Computational modeling;Aggregates;Computational efficiency;Batteries;Optimization;Heuristic algorithms;Electric vehicle;heterogeneity;polytope-basedaggregation;distributionally robust joint chance-constrained;joint market}
}

@article{Zhang2024AUncertaintyb,
    title = {{A Fast Polytope-Based Approach for Aggregating Large-Scale Electric Vehicles in the Joint Market Under Uncertainty}},
    year = {2024},
    journal = {IEEE Transactions on Smart Grid},
    author = {Zhang, Mingyang and Xu, Yinliang and Shi, Xiaoying and Guo, Qinglai},
    number = {1},
    pages = {701--713},
    volume = {15},
    doi = {10.1109/TSG.2023.3274198},
    keywords = {Uncertainty;Computational modeling;Aggregates;Computational efficiency;Batteries;Optimization;Heuristic algorithms;Electric vehicle;heterogeneity;polytope-basedaggregation;distributionally robust joint chance-constrained;joint market}
}

@article{Lampropoulos2019ACompanies,
    title = {{A framework for the provision of flexibility services at the transmission and distribution levels through aggregator companies}},
    year = {2019},
    journal = {Sustainable Energy, Grids and Networks},
    author = {Lampropoulos, Ioannis and Alskaif, Tarek and Blom, Jelle and van Sark, Wilfried},
    pages = {100187},
    volume = {17},
    url = {https://www.sciencedirect.com/science/article/pii/S2352467718300432},
    doi = {https://doi.org/10.1016/j.segan.2018.100187},
    issn = {2352-4677},
    keywords = {Aggregation entities, Ancillary services, Demand-side management, Flexibility services, Market optimisation, Real-time systems}
}

@inproceedings{Hao2013AService,
    title = {{A generalized battery model of a collection of Thermostatically Controlled Loads for providing ancillary service}},
    year = {2013},
    booktitle = {2013 51st Annual Allerton Conference on Communication, Control, and Computing (Allerton)},
    author = {Hao, He and Sanandaji, Borhan M and Poolla, Kameshwar and Vincent, Tyrone L},
    pages = {551--558},
    doi = {10.1109/Allerton.2013.6736573}
}

@inproceedings{Hao2013AServiceb,
    title = {{A generalized battery model of a collection of Thermostatically Controlled Loads for providing ancillary service}},
    year = {2013},
    booktitle = {2013 51st Annual Allerton Conference on Communication, Control, and Computing (Allerton)},
    author = {Hao, He and Sanandaji, Borhan M and Poolla, Kameshwar and Vincent, Tyrone L},
    pages = {551--558},
    doi = {10.1109/Allerton.2013.6736573}
}

@article{Zhao2017ALoads,
    title = {{A Geometric Approach to Aggregate Flexibility Modeling of Thermostatically Controlled Loads}},
    year = {2017},
    journal = {IEEE Transactions on Power Systems},
    author = {Zhao, Lin and Zhang, Wei and Hao, He and Kalsi, Karanjit},
    number = {6},
    pages = {4721--4731},
    volume = {32},
    doi = {10.1109/TPWRS.2017.2674699}
}

@article{Zhao2017ALoadsb,
    title = {{A Geometric Approach to Aggregate Flexibility Modeling of Thermostatically Controlled Loads}},
    year = {2017},
    journal = {IEEE Transactions on Power Systems},
    author = {Zhao, Lin and Zhang, Wei and Hao, He and Kalsi, Karanjit},
    number = {6},
    pages = {4721--4731},
    volume = {32},
    doi = {10.1109/TPWRS.2017.2674699}
}

@article{Evans2020AResources,
    title = {{A Graphical Measure of Aggregate Flexibility for Energy-Constrained Distributed Resources}},
    year = {2020},
    journal = {IEEE Transactions on Smart Grid},
    author = {Evans, Michael P and Tindemans, Simon H and Angeli, David},
    number = {1},
    pages = {106--117},
    volume = {11},
    doi = {10.1109/TSG.2019.2918058},
    keywords = {Transforms;Aggregates;Optimization;Discharges (electric);Energy storage;Optimal control;Buffer storage;Distributed resources;energy storage systems;optimal control;aggregation;ancillary service}
}

@techreport{Ives2021ASystem,
    title = {{A new perspective on decarbonising the global energy system}},
    year = {2021},
    author = {Ives, Matthew and Righetti, Luca and Schiele, Johanna and De Meyer, Kris and Hubble-Rose, Lucy and Teng, Fei and Kruitwagen, Lucas and Tillmann-Morris, Leah and Wang, Tianpeng and Way, Rupert and Hepburn, Cameron}
}

@article{Agrawal2018AProblems,
    title = {{A rewriting system for convex optimization problems}},
    year = {2018},
    journal = {Journal of Control and Decision},
    author = {Agrawal, Akshay and Verschueren, Robin and Diamond, Steven and Boyd, Stephen},
    number = {1},
    pages = {42--60},
    volume = {5}
}

@article{Callaway2011AchievingLoads,
    title = {{Achieving Controllability of Electric Loads}},
    year = {2011},
    journal = {Proceedings of the IEEE},
    author = {Callaway, Duncan S and Hiskens, Ian A},
    number = {1},
    pages = {184--199},
    volume = {99},
    doi = {10.1109/JPROC.2010.2081652}
}

@article{Callaway2011AchievingLoadsb,
    title = {{Achieving Controllability of Electric Loads}},
    year = {2011},
    journal = {Proceedings of the IEEE},
    author = {Callaway, Duncan S and Hiskens, Ian A},
    number = {1},
    pages = {184--199},
    volume = {99},
    doi = {10.1109/JPROC.2010.2081652}
}

@inproceedings{Lee2019ACN-Data:Dataset,
    title = {{ACN-Data: Analysis and Applications of an Open EV Charging Dataset}},
    year = {2019},
    booktitle = {Proceedings of the Tenth ACM International Conference on Future Energy Systems},
    author = {Lee, Zachary J and Li, Tongxin and Low, Steven H},
    pages = {139--149},
    series = {e-Energy '19},
    publisher = {Association for Computing Machinery},
    isbn = {9781450366717},
    doi = {10.1145/3307772.3328313},
    keywords = {Electric vehicle charging, duck curve, on-site solar generation, open dataset, user behavior prediction, workplace charging}
}

@article{Wen2022AggregateModels,
    title = {{Aggregate Feasible Region of DERs: Exact Formulation and Approximate Models}},
    year = {2022},
    journal = {IEEE Transactions on Smart Grid},
    author = {Wen, Yilin and Hu, Zechun and You, Shi and Duan, Xiaoyu},
    number = {6},
    pages = {4405--4423},
    volume = {13},
    doi = {10.1109/TSG.2022.3179998},
    keywords = {Numerical models;Biological system modeling;Computational modeling;Mathematical models;Aggregates;Scheduling;Redundancy;Distributed energy resource;demand response;load aggregator;flexible load;aggregate feasible region;Fourier-Motzkin Elimination}
}

@article{Wen2022AggregateModelsb,
    title = {{Aggregate Feasible Region of DERs: Exact Formulation and Approximate Models}},
    year = {2022},
    journal = {IEEE Transactions on Smart Grid},
    author = {Wen, Yilin and Hu, Zechun and You, Shi and Duan, Xiaoyu},
    number = {6},
    pages = {4405--4423},
    volume = {13},
    doi = {10.1109/TSG.2022.3179998},
    keywords = {Numerical models;Biological system modeling;Computational modeling;Mathematical models;Aggregates;Scheduling;Redundancy;Distributed energy resource;demand response;load aggregator;flexible load;aggregate feasible region;Fourier-Motzkin Elimination}
}

@article{Hao2015AggregateLoads,
    title = {{Aggregate Flexibility of Thermostatically Controlled Loads}},
    year = {2015},
    journal = {IEEE Transactions on Power Systems},
    author = {Hao, He and Sanandaji, Borhan M and Poolla, Kameshwar and Vincent, Tyrone L},
    number = {1},
    pages = {189--198},
    volume = {30},
    doi = {10.1109/TPWRS.2014.2328865}
}

@article{Hao2015AggregateLoadsb,
    title = {{Aggregate Flexibility of Thermostatically Controlled Loads}},
    year = {2015},
    journal = {IEEE Transactions on Power Systems},
    author = {Hao, He and Sanandaji, Borhan M and Poolla, Kameshwar and Vincent, Tyrone L},
    number = {1},
    pages = {189--198},
    volume = {30},
    doi = {10.1109/TPWRS.2014.2328865}
}

@misc{Mukhi2025AggregatePolymatroids,
    title = {{Aggregate Flexibility of Thermostatically Controlled Loads using Generalized Polymatroids}},
    year = {2025},
    author = {Mukhi, Karan and Abate, Alessandro},
    url = {https://arxiv.org/abs/2504.00484},
    arxivId = {2504.00484}
}

@article{Wang2021AggregateConstraints,
    title = {{Aggregate Flexibility of Virtual Power Plants With Temporal Coupling Constraints}},
    year = {2021},
    journal = {IEEE Transactions on Smart Grid},
    author = {Wang, Siyuan and Wu, Wenchuan},
    number = {6},
    pages = {5043--5051},
    volume = {12},
    doi = {10.1109/TSG.2021.3106646},
    keywords = {Distributed power generation;Batteries;Virtual power plants;Reactive power;Data models;Virtual power plant;aggregate power flexibility;high-dimensional polytope projection}
}

@inproceedings{Ebrahimi2014AggregateTracking,
    title = {{Aggregate modeling and control of plug-in electric vehicles for renewable power tracking}},
    year = {2014},
    booktitle = {2014 American Control Conference},
    author = {Ebrahimi, Behrouz and Mohammadpour, Javad},
    pages = {2035--2040},
    doi = {10.1109/ACC.2014.6859169}
}

@article{Yi2021AggregateUncertainty,
    title = {{Aggregate Operation Model for Numerous Small-Capacity Distributed Energy Resources Considering Uncertainty}},
    year = {2021},
    journal = {IEEE Transactions on Smart Grid},
    author = {Yi, Zhongkai and Xu, Yinliang and Gu, Wei and Yang, Lun and Sun, Hongbin},
    number = {5},
    pages = {4208--4224},
    volume = {12},
    doi = {10.1109/TSG.2021.3085885},
    keywords = {Aggregates;Regulation;Power systems;Uncertainty;Cost function;Computational modeling;Batteries;Distributed energy resource;energy and regulation services;aggregation and disaggregation;inner approximation;Minkowski sum}
}

@article{Yi2021AggregateUncertaintyb,
    title = {{Aggregate Operation Model for Numerous Small-Capacity Distributed Energy Resources Considering Uncertainty}},
    year = {2021},
    journal = {IEEE Transactions on Smart Grid},
    author = {Yi, Zhongkai and Xu, Yinliang and Gu, Wei and Yang, Lun and Sun, Hongbin},
    number = {5},
    pages = {4208--4224},
    volume = {12},
    doi = {10.1109/TSG.2021.3085885},
    keywords = {Aggregates;Regulation;Power systems;Uncertainty;Cost function;Computational modeling;Batteries;Distributed energy resource;energy and regulation services;aggregation and disaggregation;inner approximation;Minkowski sum}
}

@article{Wen2023AggregateConstraints,
    title = {{Aggregate Temporally Coupled Power Flexibility of DERs Considering Distribution System Security Constraints}},
    year = {2023},
    journal = {IEEE Transactions on Power Systems},
    author = {Wen, Yilin and Hu, Zechun and Liu, Likai},
    number = {4},
    pages = {3884--3896},
    volume = {38},
    doi = {10.1109/TPWRS.2022.3196708},
    keywords = {Security;Aggregates;Mathematical models;Numerical models;HVAC;Generators;Economics;Distributed energy resources;aggregate flexibility;feasible region;distribution system;economic dispatch}
}

@article{Zhou2024AggregatedGuarantee,
    title = {{Aggregated Feasible Active Power Region for Distributed Energy Resources with a Distributionally Robust Joint Probabilistic Guarantee}},
    year = {2024},
    journal = {IEEE Transactions on Power Systems},
    author = {Zhou, Yihong and Essayeh, Chaimaa and Morstyn, Thomas},
    pages = {1--15},
    doi = {10.1109/TPWRS.2024.3392622},
    issn = {0885-8950}
}

@inproceedings{Ried2020AggregatingModels,
    title = {{Aggregating load shifting potentials of electric vehicles for energy system models}},
    year = {2020},
    booktitle = {2020 17th International Conference on the European Energy Market (EEM)},
    author = {Ried, Sabrina and Dengiz, Thomas and Soldner, Sebastian and Jochem, Patrick},
    pages = {1--6},
    doi = {10.1109/EEM49802.2020.9221974}
}

@article{EsmaeilZadehSoudjani2015AggregationAbstractions,
    title = {{Aggregation and Control of Populations of Thermostatically Controlled Loads by Formal Abstractions}},
    year = {2015},
    journal = {IEEE Transactions on Control Systems Technology},
    author = {Esmaeil Zadeh Soudjani, Sadegh and Abate, Alessandro},
    number = {3},
    pages = {975--990},
    volume = {23},
    doi = {10.1109/TCST.2014.2358844}
}

@article{EsmaeilZadehSoudjani2015AggregationAbstractionsb,
    title = {{Aggregation and Control of Populations of Thermostatically Controlled Loads by Formal Abstractions}},
    year = {2015},
    journal = {IEEE Transactions on Control Systems Technology},
    author = {Esmaeil Zadeh Soudjani, Sadegh and Abate, Alessandro},
    number = {3},
    pages = {975--990},
    volume = {23},
    doi = {10.1109/TCST.2014.2358844}
}

@article{Muller2019AggregationResources,
    title = {{Aggregation and disaggregation of energetic flexibility from distributed energy resources}},
    year = {2019},
    journal = {IEEE Transactions on Smart Grid},
    author = {M{\"{u}}ller, Fabian L. and Szab{\'{o}}, Jácint and Sundstr{\"{o}}m, Olle and Lygeros, John},
    number = {2},
    month = {3},
    pages = {1205--1214},
    volume = {10},
    publisher = {Institute of Electrical and Electronics Engineers Inc.},
    doi = {10.1109/TSG.2017.2761439},
    issn = {19493053},
    arxivId = {1705.02815},
    keywords = {Aggregation, Flexibility, Zonotope}
}

@inproceedings{Eid2015AggregationDesign,
    title = {{Aggregation of demand side flexibility in a smart grid: A review for European market design}},
    year = {2015},
    booktitle = {2015 12th International Conference on the European Energy Market (EEM)},
    author = {Eid, Cherrelle and Codani, Paul and Chen, Yurong and Perez, Yannick and Hakvoort, Rudi},
    pages = {1--5},
    doi = {10.1109/EEM.2015.7216712}
}

@article{Ozturk2022AggregationAlgorithms,
    title = {{Aggregation of Demand-Side Flexibilities: A Comparative Study of Approximation Algorithms}},
    year = {2022},
    journal = {Energies 2022, Vol. 15, Page 2501},
    author = {{\"{O}}zt{\"{u}}rk, Emrah and Rheinberger, Klaus and Faulwasser, Timm and Worthmann, Karl and Prei{\ss}inger, Markus},
    number = {7},
    month = {3},
    pages = {2501},
    volume = {15},
    publisher = {Multidisciplinary Digital Publishing Institute},
    keywords = {Minkowski sum, demand, energy storage, flexibility aggregation, side management, smart grids}
}

@inproceedings{Muller2015AggregationZonotopes,
    title = {{Aggregation of energetic flexibility using zonotopes}},
    year = {2015},
    booktitle = {2015 54th IEEE Conference on Decision and Control (CDC)},
    author = {M{\"{u}}ller, Fabian L and Sundstr{\"{o}}m, Olle and Szab{\'{o}}, Jácint and Lygeros, John},
    pages = {6564--6569},
    doi = {10.1109/CDC.2015.7403253}
}

@inproceedings{EsmaeilZadehSoudjani2013AggregationAbstractions,
    title = {{Aggregation of thermostatically controlled loads by formal abstractions}},
    year = {2013},
    booktitle = {2013 European Control Conference (ECC)},
    author = {Esmaeil Zadeh Soudjani, Sadegh and Abate, Alessandro},
    pages = {4232--4237},
    doi = {10.23919/ECC.2013.6669547}
}

@article{Frank1956AnProgramming,
    title = {{An algorithm for quadratic programming}},
    year = {1956},
    journal = {Naval Research Logistics Quarterly},
    author = {Frank, Marguerite and Wolfe, Philip},
    number = {1-2},
    pages = {95--110},
    volume = {3},
    url = {https://onlinelibrary.wiley.com/doi/abs/10.1002/nav.3800030109},
    doi = {https://doi.org/10.1002/nav.3800030109}
}

@article{Taha2024AnPopulations,
    title = {{An Efficient Method for Quantifying the Aggregate Flexibility of Plug-In Electric Vehicle Populations}},
    year = {2024},
    journal = {IEEE Transactions on Smart Grid},
    author = {Taha, Feras Al and Vincent, Tyrone and Bitar, Eilyan},
    pages = {1},
    doi = {10.1109/TSG.2024.3384871},
    keywords = {Aggregates;Electricity supply industry;Distributed power generation;Statistics;Sociology;Electric vehicle charging;Computational modeling;Electric vehicle grid integration;distributed energy resource aggregation;demand response}
}

@article{Mukhi2023AnVehicles,
    title = {{An Exact Characterisation of Flexibility in Populations of Electric Vehicles}},
    year = {2023},
    journal = {2023 62nd IEEE Conference on Decision and Control (CDC)},
    author = {Mukhi, Karan and Abate, Alessandro},
    month = {12},
    pages = {6582--6587},
    publisher = {IEEE},
    isbn = {979-8-3503-0124-3},
    doi = {10.1109/CDC49753.2023.10383521}
}

@article{Zamudio2023AncillaryDesign,
    title = {{Ancillary Services Provision via Aggregation: Joint Power Flexibility Assessment and Disaggregation Policy Design}},
    year = {2023},
    journal = {IEEE Control Systems Letters},
    author = {Zamudio, Daniel and Falsone, Alessandro and Bianchi, Federico and Prandini, Maria},
    pages = {3108--3113},
    volume = {7},
    doi = {10.1109/LCSYS.2023.3290193},
    keywords = {Aggregates;Mathematical models;Batteries;Trajectory;Approximation error;Wind;Task analysis;Energy flexibility;aggregation;demand-response;smart grid}
}

@inproceedings{Kundu2018ApproximatingApproach,
    title = {{Approximating Flexibility in Distributed Energy Resources: A Geometric Approach}},
    year = {2018},
    booktitle = {2018 Power Systems Computation Conference (PSCC)},
    author = {Kundu, Soumya and Kalsi, Karanjit and Backhaus, Scott},
    pages = {1--7},
    doi = {10.23919/PSCC.2018.8442600}
}

@article{Paulson2017ArbitrarySystems,
    title = {{Arbitrary Polynomial Chaos for Uncertainty Propagation of Correlated Random Variables in Dynamic Systems}},
    year = {2017},
    journal = {IFAC-PapersOnLine},
    author = {Paulson, Joel A. and Buehler, Edward A. and Mesbah, Ali},
    number = {1},
    month = {7},
    pages = {3548--3553},
    volume = {50},
    publisher = {Elsevier},
    doi = {10.1016/J.IFACOL.2017.08.954},
    issn = {2405-8963},
    keywords = {Arbitrary polynomial chaos, Correlated random variables, Uncertainty propagation}
}

@article{Street2020AssessingScheduling,
    title = {{Assessing the cost of the Hazard-Decision simplification in multistage stochastic hydrothermal scheduling}},
    year = {2020},
    journal = {Applied Energy},
    author = {Street, Alexandre and Vallad{\~{a}}o, Davi and Lawson, André and Velloso, Alexandre},
    pages = {115939},
    volume = {280},
    url = {https://www.sciencedirect.com/science/article/pii/S0306261920313969},
    doi = {https://doi.org/10.1016/j.apenergy.2020.115939},
    issn = {0306-2619},
    keywords = {Hazard-Decision vs Decision-Hazard, Multistage hydrothermal scheduling, Stochastic dual dynamic programming, Time consistency}
}

@article{Tavakkoli2021Bonus-BasedSystem,
    title = {{Bonus-Based Demand Response Using Stackelberg Game Approach for Residential End-Users Equipped With HVAC System}},
    year = {2021},
    journal = {IEEE Transactions on Sustainable Energy},
    author = {Tavakkoli, Mehdi and Fattaheian-Dehkordi, Sajjad and Pourakbari-Kasmaei, Mahdi and Liski, Matti and Lehtonen, Matti},
    number = {1},
    pages = {234--249},
    volume = {12},
    doi = {10.1109/TSTE.2020.2989583},
    keywords = {HVAC;Indexes;Games;Wind power generation;Load modeling;Load management;Heating systems;Bilevel programming;demand response;HVAC systems;Stackelberg game;strong duality theorem}
}

@inproceedings{Alizadeh2014CapturingResponse,
    title = {{Capturing aggregate flexibility in Demand Response}},
    year = {2014},
    booktitle = {53rd IEEE Conference on Decision and Control},
    author = {Alizadeh, Mahnoosh and Scaglione, Anna and Goldsmith, Andrea and Kesidis, George},
    pages = {6439--6445},
    doi = {10.1109/CDC.2014.7040399}
}

@article{Mueller2018CharacterizationUnits,
    title = {{Characterization and Use of Flexible Electric Energy Units}},
    year = {2018},
    author = {Mueller, Fabian L.},
    month = {10},
    publisher = {ETH Zurich},
    url = {https://doi.org/10.3929/ethz-b-000297409},
    doi = {10.3929/ETHZ-B-000297409}
}

@article{Frank2014CharacterizingPolymatroids,
    title = {{Characterizing and recognizing generalized polymatroids}},
    year = {2014},
    journal = {Mathematical Programming},
    author = {Frank, András and Kir{\'{a}}ly, Tamás and Pap, Júlia and Pritchard, David},
    number = {1},
    pages = {245--273},
    volume = {146},
    url = {https://doi.org/10.1007/s10107-013-0685-5},
    doi = {10.1007/s10107-013-0685-5},
    issn = {1436-4646}
}

@inproceedings{Hao2014CharacterizingLoads,
    title = {{Characterizing flexibility of an aggregation of deferrable loads}},
    year = {2014},
    booktitle = {53rd IEEE Conference on Decision and Control},
    author = {Hao, He and Chen, Wei},
    pages = {4059--4064},
    doi = {10.1109/CDC.2014.7040020}
}

@article{Lan2022ComplexityProgramming,
    title = {{Complexity of stochastic dual dynamic programming}},
    year = {2022},
    journal = {Mathematical Programming},
    author = {Lan, Guanghui},
    number = {2},
    pages = {717--754},
    volume = {191},
    url = {https://doi.org/10.1007/s10107-020-01567-1},
    doi = {10.1007/s10107-020-01567-1},
    issn = {1436-4646}
}

@incollection{Frank2011ConnectionsOptimization,
    title = {{Connections in combinatorial optimization }},
    year = {2011},
    booktitle = {Connections in combinatorial optimization},
    author = {Frank, András},
    series = {Oxford lecture series in mathematics and its applications ; no. 38},
    publisher = {Oxford University Press},
    address = {Oxford},
    isbn = {9780199205271},
    keywords = {Combinatorial optimization ; Connections (Mathematics)},
    language = {eng}
}

@book{Rockafellar1970ConvexAnalysis,
    title = {{Convex Analysis}},
    year = {1970},
    author = {Rockafellar, Ralph Tyrell},
    publisher = {Princeton University Press},
    url = {https://doi.org/10.1515/9781400873173},
    address = {Princeton},
    isbn = {9781400873173},
    doi = {doi:10.1515/9781400873173}
}

@article{MohajerinEsfahani2018Data-drivenReformulations,
    title = {{Data-driven distributionally robust optimization using the Wasserstein metric: performance guarantees and tractable reformulations}},
    year = {2018},
    journal = {Mathematical Programming},
    author = {Mohajerin Esfahani, Peyman and Kuhn, Daniel},
    number = {1-2},
    month = {9},
    pages = {115--166},
    volume = {171},
    publisher = {Springer Verlag},
    doi = {10.1007/S10107-017-1172-1/FIGURES/10},
    issn = {14364646},
    arxivId = {1505.05116},
    keywords = {Calculus of Variations and Optimal Control, Combinatorics, Mathematical Methods in Physics, Mathematical and Computational Physics, Mathematics of Computing, Numerical Analysis, Optimization, Theoretical}
}

@article{Taheri2022Data-DrivenModels,
    title = {{Data-Driven Modeling of Aggregate Flexibility Under Uncertain and Non-Convex Device Models}},
    year = {2022},
    journal = {IEEE Transactions on Smart Grid},
    author = {Taheri, Sina and Kekatos, Vassilis and Veeramachaneni, Sriharsha and Zhang, Baosen},
    number = {6},
    pages = {4572--4582},
    volume = {13},
    doi = {10.1109/TSG.2022.3185532},
    keywords = {Load modeling;Batteries;Schedules;Ellipsoids;Distributed power generation;Task analysis;Feasible set;aggregator;convex quadratic classifier;ellipsoids;containment of polytopes;optimal flexibility design;day-ahead markets;load disaggregation}
}

@article{Ma2013DecentralizedVehicles,
    title = {{Decentralized Charging Control of Large Populations of Plug-in Electric Vehicles}},
    year = {2013},
    journal = {IEEE Transactions on Control Systems Technology},
    author = {Ma, Zhongjing and Callaway, Duncan S and Hiskens, Ian A},
    number = {1},
    pages = {67--78},
    volume = {21},
    doi = {10.1109/TCST.2011.2174059},
    keywords = {Nash equilibrium;Games;Electricity;Trajectory;Convergence;Vehicles;Cost function;Decentralized control;Nash equilibrium;non-cooperative games;optimal charging control;plug-in electric vehicles (PEVs);plug-in hybrid electric vehicles (PHEVs)}
}

@article{Tindemans2015DecentralizedResponse,
    title = {{Decentralized Control of Thermostatic Loads for Flexible Demand Response}},
    year = {2015},
    journal = {IEEE Transactions on Control Systems Technology},
    author = {Tindemans, Simon H and Trovato, Vincenzo and Strbac, Goran},
    number = {5},
    pages = {1685--1700},
    volume = {23},
    doi = {10.1109/TCST.2014.2381163}
}

@article{Papadaskalopoulos2013DecentralizedMechanism,
    title = {{Decentralized Participation of Flexible Demand in Electricity Markets—Part I: Market Mechanism}},
    year = {2013},
    journal = {IEEE Transactions on Power Systems},
    author = {Papadaskalopoulos, Dimitrios and Strbac, Goran},
    number = {4},
    pages = {3658--3666},
    volume = {28},
    doi = {10.1109/TPWRS.2013.2245686}
}

@article{Dantzig1960DecompositionPrograms,
    title = {{Decomposition Principle for Linear Programs}},
    year = {1960},
    journal = {Operations Research},
    author = {Dantzig, George B and Wolfe, Philip},
    number = {1},
    pages = {101--111},
    volume = {8},
    url = {https://doi.org/10.1287/opre.8.1.101},
    doi = {10.1287/opre.8.1.101}
}

@article{Padrol2023DeformationNestohedra,
    title = {{Deformation cones of graph associahedra and nestohedra}},
    year = {2023},
    journal = {European Journal of Combinatorics},
    author = {Padrol, Arnau and Pilaud, Vincent and Poullot, Germain},
    pages = {103594},
    volume = {107},
    url = {https://www.sciencedirect.com/science/article/pii/S0195669822000907},
    doi = {https://doi.org/10.1016/j.ejc.2022.103594},
    issn = {0195-6698}
}

@article{Strbac2008DemandChallenges,
    title = {{Demand side management: Benefits and challenges}},
    year = {2008},
    journal = {Energy Policy},
    author = {Strbac, Goran},
    number = {12},
    pages = {4419--4426},
    volume = {36},
    url = {https://www.sciencedirect.com/science/article/pii/S0301421508004606},
    doi = {https://doi.org/10.1016/j.enpol.2008.09.030},
    issn = {0301-4215},
    keywords = {Electricity demand, Electricity networks, Metering}
}

@article{Abdelghany2020DistributedForecasts,
    title = {{Distributed coordination of deferrable loads: A real-time market with self-fulfilling forecasts}},
    year = {2020},
    journal = {Sustainable Energy, Grids and Networks},
    author = {Abdelghany, Hazem A and Tindemans, Simon H and Weerdt, Mathijs M de and Poutr{\'{e}}, Han la},
    pages = {100364},
    volume = {23},
    url = {https://www.sciencedirect.com/science/article/pii/S2352467720302952},
    doi = {https://doi.org/10.1016/j.segan.2020.100364},
    issn = {2352-4677},
    keywords = {Demand response, Distributed energy resources, Flexibility, Market-based control, Markov decision process}
}

@article{Abdelghany2020DistributedForecastsb,
    title = {{Distributed coordination of deferrable loads: A real-time market with self-fulfilling forecasts}},
    year = {2020},
    journal = {Sustainable Energy, Grids and Networks},
    author = {Abdelghany, Hazem A and Tindemans, Simon H and Weerdt, Mathijs M de and Poutr{\'{e}}, Han la},
    pages = {100364},
    volume = {23},
    url = {https://www.sciencedirect.com/science/article/pii/S2352467720302952},
    doi = {https://doi.org/10.1016/j.segan.2020.100364},
    issn = {2352-4677},
    keywords = {Demand response, Distributed energy resources, Flexibility, Market-based control, Markov decision process}
}

@article{Mukhi2024DistributionallyFlexibility,
    title = {{Distributionally Robust Aggregation of Electric Vehicle Flexibility}},
    year = {2024},
    journal = {arXiv preprint arXiv:2405.08232},
    author = {Mukhi, Karan and Qu, Chengrui and You, Pengcheng and Abate, Alessandro}
}

@misc{Pinson2023DistributionallyProducers,
    title = {{Distributionally robust trading strategies for renewable energy producers}},
    year = {2023},
    author = {Pinson, Pierre},
    arxivId = {2209.08639}
}

@inproceedings{Domahidi2013ECOS:Systems,
    title = {{ECOS: An SOCP solver for embedded systems}},
    year = {2013},
    booktitle = {European Control Conference (ECC)},
    author = {Domahidi, A and Chu, E and Boyd, S},
    pages = {3071--3076}
}

@inproceedings{Lim2016EfficientPolytopes,
    title = {{Efficient Bregman Projections onto the Permutahedron and Related Polytopes}},
    year = {2016},
    booktitle = {Proceedings of the 19th International Conference on Artificial Intelligence and Statistics},
    author = {Lim, Cong Han and Wright, Stephen J},
    editor = {Gretton, Arthur and Robert, Christian C},
    month = {4},
    pages = {1205--1213},
    series = {Proceedings of Machine Learning Research},
    volume = {51},
    publisher = {PMLR},
    url = {https://proceedings.mlr.press/v51/lim16.html},
    address = {Cadiz, Spain}
}

@article{Panda2024EfficientVehicles,
    title = {{Efficient quantification and representation of aggregate flexibility in Electric Vehicles}},
    year = {2024},
    journal = {Electric Power Systems Research},
    author = {Panda, Nanda Kishor and Tindemans, Simon H},
    pages = {110811},
    volume = {235},
    url = {https://www.sciencedirect.com/science/article/pii/S0378779624006977},
    doi = {https://doi.org/10.1016/j.epsr.2024.110811},
    issn = {0378-7796},
    keywords = {Aggregation, Electric Vehicles, Flexibility, Minkowski sum, Representation}
}

@article{ElexonPortal,
    title = {{Elexon Data Portal}},
    journal = {https://www.elexon.co.uk/data/}
}

@inproceedings{Mathieu2013EnergyLoads,
    title = {{Energy arbitrage with thermostatically controlled loads}},
    year = {2013},
    booktitle = {2013 European Control Conference (ECC)},
    author = {Mathieu, Johanna L and Kamgarpour, Maryam and Lygeros, John and Callaway, Duncan S},
    pages = {2519--2526},
    doi = {10.23919/ECC.2013.6669582}
}

@techreport{EuropeanCommissionEnergy2050,
    title = {{Energy Roadmap 2050}},
    author = {{European Commission}},
    url = {https://energy.ec.europa.eu/system/files/2014-10/roadmap2050\_ia\_20120430\_en\_0.pdf}
}

@article{Baruah2014EnergyElectrification,
    title = {{Energy system impacts from heat and transport electrification}},
    year = {2014},
    journal = {Proceedings of the Institution of Civil Engineers - Energy},
    author = {Baruah, Pranab J and Eyre, Nicholas and Qadrdan, Meysam and Chaudry, Modassar and Blainey, Simon and Hall, Jim W and Jenkins, Nicholas and Tran, Martino},
    number = {3},
    pages = {139--151},
    volume = {167},
    url = {https://doi.org/10.1680/ener.14.00008},
    doi = {10.1680/ener.14.00008}
}

@misc{Mukhi2025ExactPolymatroids,
    title = {{Exact Characterization of Aggregate Flexibility via Generalized Polymatroids}},
    year = {2025},
    author = {Mukhi, Karan and Loho, Georg and Abate, Alessandro},
    url = {https://arxiv.org/abs/2503.23458},
    arxivId = {2503.23458}
}

@article{Trangbaek2012ExactDistribution,
    title = {{Exact constraint aggregation with applications to smart grids and resource distribution}},
    year = {2012},
    journal = {Proceedings of the IEEE Conference on Decision and Control},
    author = {Trangbaek, Klaus and Bendtsen, Jan},
    pages = {4181--4186},
    publisher = {Institute of Electrical and Electronics Engineers Inc.},
    doi = {10.1109/CDC.2012.6426475},
    issn = {25762370}
}

@article{Trangbaek2011ExactControl,
    title = {{Exact power constraints in smart grid control}},
    year = {2011},
    journal = {Proceedings of the IEEE Conference on Decision and Control},
    author = {Trangbaek, Klaus and P{\'{e}}tersen, Mette and Bendtsen, Jan and Stoustrup, Jakob},
    pages = {6907--6912},
    publisher = {Institute of Electrical and Electronics Engineers Inc.},
    isbn = {9781612848006},
    doi = {10.1109/CDC.2011.6160539},
    issn = {25762370}
}

@article{Kaibel2011ExtendedOptimization,
    title = {{Extended formulations in combinatorial optimization}},
    year = {2011},
    journal = {arXiv preprint arXiv:1104.1023},
    author = {Kaibel, Volker}
}

@inproceedings{Zhao2016ExtractingApproximation,
    title = {{Extracting flexibility of heterogeneous deferrable loads via polytopic projection approximation}},
    year = {2016},
    booktitle = {2016 IEEE 55th Conference on Decision and Control (CDC)},
    author = {Zhao, Lin and Hao, He and Zhang, Wei},
    pages = {6651--6656},
    doi = {10.1109/CDC.2016.7799293}
}

@article{PostnikovAlex2008FacesPermutohedra.,
    title = {{Faces of generalized permutohedra.}},
    year = {2008},
    journal = {Documenta Mathematica},
    author = {Postnikov Alex, Reiner Victor Williams Lauren},
    pages = {207--273},
    volume = {13},
    publisher = {Universi{\"{a}}t Bielefeld, Fakult{\"{a}}t f{\"{u}}r Mathematik},
    url = {http://eudml.org/doc/55811},
    keywords = {polytopes; face numbers; permutohedra; associahedra; graphic zonotopes; nestohedra; generating functions; Dynkin diagrams; Narayana numbers; Newcomb's problem},
    language = {eng}
}

@article{Fukuda2004FromPolytopes,
    title = {{From the zonotope construction to the Minkowski addition of convex polytopes}},
    year = {2004},
    journal = {Journal of Symbolic Computation},
    author = {Fukuda, Komei},
    number = {4},
    pages = {1261--1272},
    volume = {38},
    keywords = {Convex polytope, Efficient algorithm, Minkowski addition, Reverse search}
}

@article{Fukuda2004FromPolytopesb,
    title = {{From the zonotope construction to the Minkowski addition of convex polytopes}},
    year = {2004},
    journal = {Journal of Symbolic Computation},
    author = {Fukuda, Komei},
    number = {4},
    pages = {1261--1272},
    volume = {38},
    keywords = {Convex polytope, Efficient algorithm, Minkowski addition, Reverse search}
}

@article{Fukuda2004FromPolytopesc,
    title = {{From the zonotope construction to the Minkowski addition of convex polytopes}},
    year = {2004},
    journal = {Journal of Symbolic Computation},
    author = {Fukuda, Komei},
    number = {4},
    pages = {1261--1272},
    volume = {38},
    keywords = {Convex polytope, Efficient algorithm, Minkowski addition, Reverse search}
}

@article{NationalGridESO2022FutureScenarios,
    title = {{Future Energy Scenarios}},
    year = {2022},
    author = {{National Grid ESO}},
    url = {www.nationalgrideso.com/future-energy/future-energy-scenarios}
}

@misc{InternationalEnergyAgency2024Global2024,
    title = {{Global EV Outlook 2024}},
    year = {2024},
    booktitle = {IEA, Paris},
    author = {{International Energy Agency}},
    url = {https://www.iea.org/reports/global-ev-outlook-2024}
}

@article{Bessa2014HandlingOperation,
    title = {{Handling renewable energy variability and uncertainty in power systems operation}},
    year = {2014},
    journal = {Wiley Interdisciplinary Reviews: Energy and Environment},
    author = {Bessa, Ricardo and Moreira, Carlos and Silva, Bernardo and Matos, Manuel},
    number = {2},
    month = {3},
    pages = {156--178},
    volume = {3},
    doi = {10.1002/WENE.76},
    issn = {20418396}
}

@article{Xu2016HierarchicalLoads,
    title = {{Hierarchical Coordination of Heterogeneous Flexible Loads}},
    year = {2016},
    journal = {IEEE Transactions on Power Systems},
    author = {Xu, Zhiwei and Callaway, Duncan S and Hu, Zechun and Song, Yonghua},
    number = {6},
    pages = {4206--4216},
    volume = {31},
    doi = {10.1109/TPWRS.2016.2516992},
    keywords = {Load modeling;Aggregates;Stochastic processes;Real-time systems;Indexes;Power demand;Mathematical model;Demand response;heterogeneous flexible load;hierarchical control;two-stage stochastic program}
}

@inproceedings{Bendtsen2010HierarchicalDistribution,
    title = {{Hierarchical model predictive control for resource distribution}},
    year = {2010},
    booktitle = {49th IEEE Conference on Decision and Control (CDC)},
    author = {Bendtsen, Jan and Trangbaek, Klaus and Stoustrup, Jakob},
    pages = {2468--2473},
    doi = {10.1109/CDC.2010.5717038}
}

@article{Cutler2011HighMarket,
    title = {{High penetration wind generation impacts on spot prices in the Australian national electricity market}},
    year = {2011},
    journal = {Energy Policy},
    author = {Cutler, Nicholas J and Boerema, Nicholas D and MacGill, Iain F and Outhred, Hugh R},
    number = {10},
    pages = {5939--5949},
    volume = {39},
    url = {https://www.sciencedirect.com/science/article/pii/S030142151100509X},
    doi = {https://doi.org/10.1016/j.enpol.2011.06.053},
    issn = {0301-4215},
    keywords = {Electricity demand, Market price, Wind power integration}
}

@article{Cutler2011HighMarketb,
    title = {{High penetration wind generation impacts on spot prices in the Australian national electricity market}},
    year = {2011},
    journal = {Energy Policy},
    author = {Cutler, Nicholas J and Boerema, Nicholas D and MacGill, Iain F and Outhred, Hugh R},
    number = {10},
    pages = {5939--5949},
    volume = {39},
    url = {https://www.sciencedirect.com/science/article/pii/S030142151100509X},
    doi = {https://doi.org/10.1016/j.enpol.2011.06.053},
    issn = {0301-4215},
    keywords = {Electricity demand, Market price, Wind power integration}
}

@article{Wen2023ImprovedApplications,
    title = {{Improved inner approximation for aggregating power flexibility in active distribution networks and its applications}},
    year = {2023},
    journal = {IEEE Transactions on Smart Grid},
    author = {Wen, Yilin and Hu, Zechun and He, Jinhua and Guo, Yi},
    publisher = {IEEE}
}

@article{Marshall1979Inequalities:Applications,
    title = {{Inequalities: theory of majorization and its applications}},
    year = {1979},
    author = {Marshall, Albert W and Olkin, Ingram and Arnold, Barry C},
    publisher = {Springer}
}

@inproceedings{Nazir2018InnerResources,
    title = {{Inner Approximation of Minkowski Sums: A Union-Based Approach and Applications to Aggregated Energy Resources}},
    year = {2018},
    booktitle = {2018 IEEE Conference on Decision and Control (CDC)},
    author = {Nazir, Md Salman and Hiskens, Ian A and Bernstein, Andrey and Dall'Anese, Emiliano},
    pages = {5708--5715},
    doi = {10.1109/CDC.2018.8618731}
}

@article{Lopes2011IntegrationSystem,
    title = {{Integration of Electric Vehicles in the Electric Power System}},
    year = {2011},
    journal = {Proceedings of the IEEE},
    author = {Lopes, João A Peças and Soares, Filipe Joel and Almeida, Pedro M Rocha},
    number = {1},
    pages = {168--183},
    volume = {99},
    doi = {10.1109/JPROC.2010.2066250},
    keywords = {Power system planning;Electric vehicles;Electricity supply industry;Substations;Aggregator;ancillary services;electric vehicle;energy storage;hierarchical control;microgrid;multimicrogrid;vehicle-to-grid}
}

@article{Almassalkhi2023IntelligentDecarbonization,
    title = {{Intelligent Electrification as an Enabler of Clean Energy and Decarbonization}},
    year = {2023},
    journal = {Current Sustainable/Renewable Energy Reports},
    author = {Almassalkhi, Mads R and Kundu, Soumya},
    number = {4},
    pages = {183--196},
    volume = {10},
    url = {https://doi.org/10.1007/s40518-023-00228-z},
    doi = {10.1007/s40518-023-00228-z},
    issn = {2196-3010}
}

@incollection{MarshallAlbertW.andOlkin2011Introduction,
    title = {{Introduction}},
    year = {2011},
    booktitle = {Inequalities: Theory of Majorization and Its Applications},
    author = {Marshall Albert W.{\\\}and Olkin, Ingram
        and Arnold Barry C},
    pages = {3--28},
    publisher = {Springer New York},
    url = {https://doi.org/10.1007/978-0-387-68276-1_1},
    address = {New York, NY},
    isbn = {978-0-387-68276-1},
    doi = {10.1007/978-0-387-68276-1{\_}1}
}

@book{Ziegler2012LecturesPolytopes,
    title = {{Lectures on polytopes}},
    year = {2012},
    author = {Ziegler, Günter M},
    volume = {152},
    publisher = {Springer Science {\&} Business Media}
}

@inproceedings{Gade2024LeveragingMarkets,
    title = {{Leveraging P90 Requirement: Flexible Resources Bidding in Nordic Ancillary Service Markets}},
    year = {2024},
    booktitle = {2024 IEEE International Conference on Communications, Control, and Computing Technologies for Smart Grids (SmartGridComm)},
    author = {Gade, Peter A.V. and Bindner, Henrik W. and Kazempour, Jalal},
    month = {9},
    pages = {505--510},
    publisher = {IEEE},
    isbn = {979-8-3503-1855-5},
    doi = {10.1109/SmartGridComm60555.2024.10738114}
}

@article{Dahl2010Majorization01-matrices,
    title = {{Majorization permutahedra and (0,1)-matrices}},
    year = {2010},
    journal = {Linear Algebra and its Applications},
    author = {Dahl, Geir},
    number = {12},
    pages = {3265--3271},
    volume = {432},
    keywords = {Gale–Ryser theorem, Majorization, Polytopes}
}

@article{Gritzmann1993MinkowskiBasis,
    title = {{Minkowski Addition of Polytopes: Computational Complexity and Applications to Gr{\"{o}}bner Basis}},
    year = {1993},
    journal = {SIAM J. Discret. Math.},
    author = {Gritzmann, Peter and Sturmfels, Bernd},
    pages = {246--269},
    volume = {6},
    url = {https://api.semanticscholar.org/CorpusID:43001133}
}

@article{Gritzmann1993MinkowskiBasisb,
    title = {{Minkowski Addition of Polytopes: Computational Complexity and Applications to Gr{\"{o}}bner Basis}},
    year = {1993},
    journal = {SIAM J. Discret. Math.},
    author = {Gritzmann, Peter and Sturmfels, Bernd},
    pages = {246--269},
    volume = {6},
    url = {https://api.semanticscholar.org/CorpusID:43001133}
}

@phdthesis{Weibel2007MinkowskiComputation,
    title = {{Minkowski sums of polytopes: combinatorics and computation}},
    year = {2007},
    author = {Weibel, Christophe},
    school = {Citeseer}
}

@inproceedings{Cui2021Network-CognizantUncertainties,
    title = {{Network-Cognizant Time-Coupled Aggregate Flexibility of Distribution Systems Under Uncertainties}},
    year = {2021},
    booktitle = {2021 American Control Conference (ACC)},
    author = {Cui, Bai and Zamzam, Ahmed and Bernstein, Andrey},
    pages = {4178--4183},
    doi = {10.23919/ACC50511.2021.9482808},
    keywords = {Couplings;Uncertainty;Substations;Aggregates;Simulation;Trajectory;Distributed power generation}
}

@article{Kantorovich1958OnFunctions,
    title = {{On a space of totally additive functions}},
    year = {1958},
    journal = {Vestnik Leningrad. Univ},
    author = {Kantorovich, Leonid and Rubinstein, Gennady S},
    pages = {52--59},
    volume = {13}
}

@article{Tiwary2008OnPolytopes,
    title = {{On the Hardness of Computing Intersection, Union and Minkowski Sum of Polytopes}},
    year = {2008},
    journal = {Discrete {\&} Computational Geometry},
    author = {Tiwary, Hans Raj},
    number = {3},
    pages = {469--479},
    volume = {40}
}

@article{Fournier2015OnMeasure,
    title = {{On the rate of convergence in Wasserstein distance of the empirical measure}},
    year = {2015},
    journal = {Probability Theory and Related Fields},
    author = {Fournier, Nicolas and Guillin, Arnaud},
    number = {3-4},
    month = {8},
    pages = {707--738},
    volume = {162},
    publisher = {Springer New York LLC},
    doi = {10.1007/S00440-014-0583-7/METRICS},
    issn = {01788051},
    arxivId = {1312.2128},
    keywords = {Concentration inequalities, Empirical measure, Markov chains, Mc Kean-Vlasov particles system, Quantization, Sequence of i.i.d. random variables, Wasserstein distance, {$\rho$}-mixing sequences}
}

@inproceedings{Suehiro2012OnlineConstraints,
    title = {{Online Prediction under Submodular Constraints}},
    year = {2012},
    booktitle = {Algorithmic Learning Theory},
    author = {Suehiro, Daiki and Hatano, Kohei and Kijima, Shuji and Takimoto, Eiji and Nagano, Kiyohito},
    editor = {Bshouty, Nader H and Stoltz, Gilles and Vayatis, Nicolas and Zeugmann, Thomas},
    pages = {260--274},
    publisher = {Springer Berlin Heidelberg},
    address = {Berlin, Heidelberg},
    isbn = {978-3-642-34106-9}
}

@inproceedings{LeFloch2015OptimalTechniques,
    title = {{Optimal charging of vehicle-to-grid fleets via PDE aggregation techniques}},
    year = {2015},
    booktitle = {2015 American Control Conference (ACC)},
    author = {Le Floch, Caroline and di Meglio, Florent and Moura, Scott},
    pages = {3285--3291},
    doi = {10.1109/ACC.2015.7171839}
}

@inproceedings{Chen2011OptimalCommitment,
    title = {{Optimal deadline scheduling with commitment}},
    year = {2011},
    booktitle = {2011 49th Annual Allerton Conference on Communication, Control, and Computing (Allerton)},
    author = {Chen, Shiyao and Tong, Lang and He, Ting},
    pages = {111--118},
    doi = {10.1109/Allerton.2011.6120157}
}

@article{Gan2012OptimalCharging,
    title = {{Optimal decentralized protocol for electric vehicle charging}},
    year = {2012},
    journal = {IEEE Transactions on Power Systems},
    author = {Gan, Lingwen and Topcu, Ufuk and Low, Steven H},
    number = {2},
    pages = {940--951},
    volume = {28},
    publisher = {IEEE},
    issn = {0885-8950}
}

@article{Gan2012OptimalChargingb,
    title = {{Optimal decentralized protocol for electric vehicle charging}},
    year = {2012},
    journal = {IEEE Transactions on Power Systems},
    author = {Gan, Lingwen and Topcu, Ufuk and Low, Steven H},
    number = {2},
    pages = {940--951},
    volume = {28},
    publisher = {IEEE},
    issn = {0885-8950}
}

@misc{OutlookIEA,
    title = {{Outlook for electricity – World Energy Outlook 2020 – Analysis - IEA}},
    url = {https://www.iea.org/reports/world-energy-outlook-2020/outlook-for-electricity}
}

@article{Postnikov2009PermutohedraBeyond,
    title = {{Permutohedra, Associahedra, and Beyond}},
    year = {2009},
    journal = {International Mathematics Research Notices},
    author = {Postnikov, Alexander},
    number = {6},
    month = {1},
    pages = {1026--1106},
    volume = {2009},
    doi = {10.1093/imrn/rnn153},
    issn = {1687-0247}
}

@techreport{PJM2022PJMOperations,
    title = {{PJM Manual 12: Balancing Operations}},
    year = {2022},
    author = {{PJM}},
    url = {https://www.pjm.com/~/media/documents/manuals/m12.ashx}
}

@book{Maciejowski2002PredictiveConstraints.,
    title = {{Predictive Control with Constraints.}},
    year = {2002},
    author = {Maciejowski, J M},
    publisher = {Prentice Hall},
    address = {England.},
    keywords = {imported}
}

@misc{Energinet2024Prequalification2.1.2,
    title = {{Prequalification of Units and Aggregated Portfolios (Doc. 13/80940-106 – Offentlig/Public, Version 2.1.2)}},
    year = {2024},
    author = {{Energinet}},
    url = {https://en.energinet.dk/media/ox0gqmvw/gaeldende-prequalification-of-units-and-aggregated-portfolios.pdf}
}

@article{Gharesifard2016Price-basedResources,
    title = {{Price-based coordinated aggregation of networked distributed energy resources}},
    year = {2016},
    journal = {IEEE Transactions on Automatic Control},
    author = {Gharesifard, Bahman and Ba{\c{s}}ar, Tamer and Dom{\'{i}}nguez-Garc{\'{i}}a, Alejandro D.},
    number = {10},
    pages = {2936--2946},
    volume = {61},
    publisher = {Institute of Electrical and Electronics Engineers Inc.},
    doi = {10.1109/TAC.2015.2504964},
    issn = {00189286},
    keywords = {Distributed Nash seeking, Distributed energy resources, Distributed generation control, Networked systems}
}

@article{Gan2014Real-TimeGeneration,
    title = {{Real-Time Deferrable Load Control: Handling the Uncertainties of Renewable Generation}},
    year = {2014},
    journal = {SIGMETRICS Perform. Eval. Rev.},
    author = {Gan, Lingwen and Wierman, Adam and Topcu, Ufuk and Chen, Niangjun and Low, Steven H},
    number = {3},
    month = {1},
    pages = {77--79},
    volume = {41},
    publisher = {Association for Computing Machinery},
    url = {https://doi.org/10.1145/2567529.2567553},
    address = {New York, NY, USA},
    doi = {10.1145/2567529.2567553},
    issn = {0163-5999},
    keywords = {deferrable load control, demand response, smart grid}
}

@inproceedings{Subramanian2012Real-timeLoads,
    title = {{Real-time scheduling of deferrable electric loads}},
    year = {2012},
    booktitle = {2012 American Control Conference (ACC)},
    author = {Subramanian, A and Garcia, M and Dom{\'{i}}nguez-Garc{\'{i}}a, A and Callaway, D and Poolla, K and Varaiya, P},
    pages = {3643--3650},
    doi = {10.1109/ACC.2012.6315670}
}

@article{Subramanian2013Real-TimeResources,
    title = {{Real-Time Scheduling of Distributed Resources}},
    year = {2013},
    journal = {IEEE Transactions on Smart Grid},
    author = {Subramanian, Anand and Garcia, Manuel J and Callaway, Duncan S and Poolla, Kameshwar and Varaiya, Pravin},
    number = {4},
    pages = {2122--2130},
    volume = {4},
    doi = {10.1109/TSG.2013.2262508}
}

@inproceedings{Mukhi2025RobustFlexibility,
    title = {{Robust Aggregation of Electric Vehicle Flexibility}},
    year = {2025},
    booktitle = {Proceedings of the 28th ACM International Conference on Hybrid Systems: Computation and Control},
    author = {Mukhi, Karan and Qu, Chengrui and You, Pengcheng and Abate, Alessandro},
    series = {HSCC '25},
    publisher = {Association for Computing Machinery},
    url = {https://doi.org/10.1145/3716863.3718054},
    address = {New York, NY, USA},
    isbn = {9798400715044},
    doi = {10.1145/3716863.3718054},
    keywords = {Aggregate Flexibility, Distributionally Robust Optimization, Minkowski Sum, Smart Grid, Uncertainty Quantification}
}

@inproceedings{Evans2018RobustlyResources,
    title = {{Robustly Maximal Utilisation of Energy-Constrained Distributed Resources}},
    year = {2018},
    booktitle = {2018 Power Systems Computation Conference (PSCC)},
    author = {Evans, Michael and Tindemans, Simon H and Angeli, David},
    pages = {1--7},
    doi = {10.23919/PSCC.2018.8443058}
}

@article{Zachary2021SchedulingStorage,
    title = {{Scheduling of energy storage}},
    year = {2021},
    journal = {Philosophical Transactions of the Royal Society A: Mathematical, Physical and Engineering Sciences},
    author = {Zachary, Stan and Tindemans, Simon H. and Evans, Michael P. and Cruise, James R. and Angeli, David},
    number = {2202},
    month = {7},
    pages = {20190435},
    volume = {379},
    doi = {10.1098/rsta.2019.0435},
    issn = {1364-503X}
}

@article{Baruah2003SchedulingComplexity,
    title = {{Scheduling Real-time Tasks: Algorithms and Complexity}},
    year = {2003},
    author = {Baruah, Sanjoy and Goossens, Joël},
    month = {1}
}

@article{Zelikman2020Short-TermModels,
    title = {{Short-Term Solar Irradiance Forecasting Using Calibrated Probabilistic Models}},
    year = {2020},
    author = {Zelikman, Eric and Zhou, Sharon and Irvin, Jeremy and Raterink, Cooper and Sheng, Hao and Avati, Anand and Kelly, Jack and Rajagopal, Ram and Ng, Andrew Y. and Gagne, David},
    month = {10},
    url = {https://arxiv.org/abs/2010.04715v2},
    doi = {10.48550/arxiv.2010.04715},
    arxivId = {2010.04715}
}

@book{Fujishige2005SubmodularOptimization,
    title = {{Submodular functions and optimization}},
    year = {2005},
    author = {Fujishige, Satoru.},
    edition = {2nd ed.},
    series = {Annals of discrete mathematics ; 58},
    publisher = {Elsevier},
    address = {Amsterdam ;},
    isbn = {0444520864},
    keywords = {Combinatorial optimization, Submodular functions},
    language = {eng}
}

@incollection{Edmonds2003SubmodularPolyhedra,
    title = {{Submodular functions, matroids, and certain polyhedra}},
    year = {2003},
    booktitle = {Combinatorial Optimization - Eureka, You Shrink!},
    author = {Edmonds, Jack},
    pages = {11--26},
    publisher = {Springer-Verlag},
    address = {Berlin, Heidelberg},
    isbn = {3540005803}
}

@article{Callaway2009TappingEnergy,
    title = {{Tapping the energy storage potential in electric loads to deliver load following and regulation, with application to wind energy}},
    year = {2009},
    journal = {Energy Conversion and Management},
    author = {Callaway, Duncan S},
    number = {5},
    pages = {1389--1400},
    volume = {50},
    url = {https://www.sciencedirect.com/science/article/pii/S0196890408004780},
    doi = {https://doi.org/10.1016/j.enconman.2008.12.012},
    issn = {0196-8904},
    keywords = {Ancillary services, Coupled Fokker–Planck equations, Load control, Minimum variance control, Wind energy}
}

@article{2011TechnicalPlants,
    title = {{Technical and Economic Aspects of Load Following with Nuclear Power Plants}},
    year = {2011},
    url = {www.oecd-nea.org}
}

@article{Bahramian2021TheOntario,
    title = {{The displacement impacts of wind power electricity generation: Costly lessons from Ontario}},
    year = {2021},
    journal = {Energy Policy},
    author = {Bahramian, Pejman and Jenkins, Glenn P and Milne, Frank},
    pages = {112211},
    volume = {152},
    url = {https://www.sciencedirect.com/science/article/pii/S030142152100080X},
    doi = {https://doi.org/10.1016/j.enpol.2021.112211},
    issn = {0301-4215},
    keywords = {CO2 emissions, Stakeholder analysis, Thermal displacement, Wind power}
}

@article{Bahramian2021TheOntariob,
    title = {{The displacement impacts of wind power electricity generation: Costly lessons from Ontario}},
    year = {2021},
    journal = {Energy Policy},
    author = {Bahramian, Pejman and Jenkins, Glenn P and Milne, Frank},
    pages = {112211},
    volume = {152},
    url = {https://www.sciencedirect.com/science/article/pii/S030142152100080X},
    doi = {https://doi.org/10.1016/j.enpol.2021.112211},
    issn = {0301-4215},
    keywords = {CO2 emissions, Stakeholder analysis, Thermal displacement, Wind power}
}

@article{Dowson2020TheProblems,
    title = {{The policy graph decomposition of multistage stochastic programming problems}},
    year = {2020},
    journal = {Networks},
    author = {Dowson, Oscar},
    number = {1},
    month = {7},
    pages = {3--23},
    volume = {76},
    publisher = {John Wiley {\&} Sons, Ltd},
    url = {https://doi.org/10.1002/net.21932},
    doi = {https://doi.org/10.1002/net.21932},
    issn = {0028-3045},
    keywords = {infinite horizon, multistage, policy graph, stochastic programming}
}

@article{Gkatzikis2013TheMarkets,
    title = {{The Role of Aggregators in Smart Grid Demand Response Markets}},
    year = {2013},
    journal = {IEEE Journal on Selected Areas in Communications},
    author = {Gkatzikis, Lazaros and Koutsopoulos, Iordanis and Salonidis, Theodoros},
    number = {7},
    pages = {1247--1257},
    volume = {31},
    doi = {10.1109/JSAC.2013.130708}
}

@article{Villani2003TopicsTheory,
    title = {{Topics in Optimal Transportation Theory}},
    year = {2003},
    author = {Villani, C},
    month = {2},
    volume = {58},
    doi = {10.1090/gsm/058}
}

@inproceedings{Mathieu2013UncertaintyResources,
    title = {{Uncertainty in the flexibility of aggregations of demand response resources}},
    year = {2013},
    booktitle = {IECON 2013 - 39th Annual Conference of the IEEE Industrial Electronics Society},
    author = {Mathieu, Johanna L and Vay{\'{a}}, Marina González and Andersson, Göran},
    pages = {8052--8057},
    doi = {10.1109/IECON.2013.6700479}
}

@inproceedings{Li2021UnleashingArchitecture,
    title = {{Unleashing The Flexibiliy of Distributed Energy Resources Based on Cloud-edge-end Architecture}},
    year = {2021},
    booktitle = {2021 IEEE Sustainable Power and Energy Conference (iSPEC)},
    author = {Li, Jiangnan and Wei, Xuan and Shi, Jun and Cheng, Lanfen and Liu, Ao and Liu, Yan and Gong, Likuan and Ouyang, Yuhong},
    pages = {173--178},
    doi = {10.1109/iSPEC53008.2021.9735500}
}

@article{Arrigo2022WassersteinFormulation,
    title = {{Wasserstein distributionally robust chance-constrained optimization for energy and reserve dispatch: An exact and physically-bounded formulation}},
    year = {2022},
    journal = {European Journal of Operational Research},
    author = {Arrigo, Adriano and Ordoudis, Christos and Kazempour, Jalal and De Gr{\`{e}}ve, Zacharie and Toubeau, Jean-François and Vall{\'{e}}e, François},
    number = {1},
    pages = {304--322},
    volume = {296},
    url = {https://www.sciencedirect.com/science/article/pii/S0377221721003271},
    doi = {https://doi.org/10.1016/j.ejor.2021.04.015},
    issn = {0377-2217},
    keywords = {Distributionally robust chance-constrained optimization, Energy and reserve dispatch, OR in energy, Out-of-sample analysis, Physically-bounded exact reformulation}
}

@misc{Taha2024WhenConvex,
    title = {{When are Lossy Energy Storage Optimization Models Convex?}},
    year = {2024},
    author = {Taha, Feras Al and Bitar, Eilyan},
    url = {https://arxiv.org/abs/2403.14010},
    arxivId = {2403.14010}
}